@book{Her,
  author = {Herbert Schildt},
  title = {Java. Kompendium programisty},
  publisher = {Wydawnictwo Helion},
  year = {2005},
  langid = {polish}
}





